<?xml version="1.0" encoding="UTF-8"?><collection xmlns="http://www.loc.gov/MARC21/slim"><record><leader>00565nam--2200193-u-4500</leader><controlfield tag="001">000055725</controlfield><controlfield tag="002">20161230</controlfield><controlfield tag="005">20161230201052</controlfield><controlfield tag="008">130403s1000------------r-----000-0-rum-d</controlfield><datafield ind1=" " ind2=" " tag="040"><subfield code="a">IFIN-HH</subfield></datafield><datafield ind1=" " ind2=" " tag="041"><subfield code="a">rum</subfield></datafield><datafield ind1=" " ind2=" " tag="080"><subfield code="a">514.116.3(076.1)</subfield></datafield><datafield ind1="1" ind2=" " tag="100"><subfield code="a">Petrescu, G</subfield></datafield><datafield ind1="1" ind2="0" tag="245"><subfield code="a">Exercitii si probleme de trigronometrie sferics si astronomie</subfield><subfield code="c">G. petrescu, cameilia podlowsky-ciudin</subfield></datafield><datafield ind1=" " ind2=" " tag="260"><subfield code="a">Bucuresti</subfield><subfield code="b">Editura Didactica Si Pedagocica</subfield><subfield code="c">1963</subfield></datafield><datafield ind1=" " ind2=" " tag="300"><subfield code="a">320P</subfield></datafield><datafield ind1="1" ind2=" " tag="700"><subfield code="a">Podlowsky-ciudin, Cameila</subfield></datafield><datafield ind1=" " ind2=" " tag="852"><subfield code="a">44427</subfield><subfield code="c">H.H</subfield></datafield><datafield ind1=" " ind2=" " tag="CAT"><subfield code="a">Sys</subfield><subfield code="c">20130403</subfield><subfield code="h">152936</subfield></datafield></record></collection>